@ARTICLE{2011arXiv1110.4655D,
   author = {{Djorgovski}, S.~G. and {Donalek}, C. i
   and {Mahabal}, A. and 
	{Moghaddam}, B. and {Turmon}, M. and {Graham}, M. and {Drake}, A. and 
	{Sharma}, N. and {Chen}, Y.},
    title = "{Towards an Automated Classification of Transient Events in Synoptic Sky Surveys}",
  journal = {ArXiv e-prints},
archivePrefix = "arXiv",
   Eprint = {1110.4655},
 primaryClass = "astro-ph.IM",
 keywords = {Astrophysics - Instrumentation and Methods for Astrophysics, Physics - Computational Physics},
     year = 2011,
    month = oct,
   adsurl = {http://adsabs.harvard.edu/abs/2011arXiv1110.4655D},
  adsnote = {Provided by the SAO/NASA Astrophysics Data System}
}

@book{9780387848570,
  Author = {Trevor Hastie and Robert Tibshirani and Jerome Friedman},
  Title = {The Elements of Statistical Learning: Data Mining, Inference, and Prediction, Second Edition (Springer Series in Statistics)},
  Publisher = {Springer},
  Year = {2016},
  ISBN = {0387848576}
}


@INPROCEEDINGS{2001IAUS..204..197G,
   author = {{Gizis}, J.~E. and {Skrutskie}, M.~F.},
    title = "{The Two Micron All-Sky Survey: Removing the Infrared Foreground}",
booktitle = {The Extragalactic Infrared Background and its Cosmological Implications},
     year = 2001,
   series = {IAU Symposium},
   volume = 204,
   Eprint = {astro-ph/0010461},
   editor = {{Harwit}, M. and {Hauser}, M.~G.},
    month = jan,
    pages = {197},
   adsurl = {http://adsabs.harvard.edu/abs/2001IAUS..204..197G},
  adsnote = {Provided by the SAO/NASA Astrophysics Data System}
}

@book{murphy_2013, place={Cambridge, Mass.}, title={Machine learning: a probabilistic perspective}, publisher={MIT Press}, author={Murphy, Kevin P.}, year={2013}}

@book{sutton_barto_2012, place={Cambridge, MA}, title={Reinforcement learning: an introduction}, publisher={The MIT Press}, author={Sutton, Richard S. and Barto, Andrew G.}, year={2012}}

@book{goodfellow_bengio_courville_2016, place={Cambridge, MA}, title={Deep learning}, publisher={The MIT Press}, author={Goodfellow, Ian J. and Bengio, Yoshua and Courville, Aaron}, year={2016}}

@book{bishop_2011, place={New York}, title={Pattern recognition and machine learning}, publisher={Springer}, author={Bishop, Christopher M.}, year={2011}}

@book{russell_norvig_2009, place={Upper Saddle River, NJ}, title={Artificial intelligence: A Modern Approach}, publisher={Prentice Hall}, author={Russell, Stuart J. and Norvig, Peter}, year={2009}}

@article{1401.3211,
Author = {Julian Faraway and Ashish Mahabal and Jiayang Sun and Xiaofeng Wang and  Yi and  Wang and Lingsong Zhang},
Title = {Modeling Light Curves for Improved Classification},
Year = {2014},
Eprint = {arXiv:1401.3211},
  journal = {ArXiv e-prints},

Doi = {10.1002/sam.11305},
}

@article{1101.1959,
Author = {Joseph W. Richards and Dan L. Starr and Nathaniel R. Butler and Joshua S. Bloom and John M. Brewer and Arien Crellin-Quick and Justin Higgins and Rachel Kennedy and Maxime Rischard},
Title = {On Machine-Learned Classification of Variable Stars with Sparse and Noisy Time-Series Data},
Year = {2011},
Eprint = {arXiv:1101.1959},
  journal = {ArXiv e-prints},

Howpublished = {ApJ, 733, 10 (2011)},
Doi = {10.1088/0004-637X/733/1/10},
}

@misc{1603.04467,
Author = {Martín Abadi and Ashish Agarwal and Paul Barham and Eugene Brevdo and Zhifeng Chen and Craig Citro and Greg S. Corrado and Andy Davis and Jeffrey Dean and Matthieu Devin and Sanjay Ghemawat and Ian Goodfellow and Andrew Harp and Geoffrey Irving and Michael Isard and Yangqing Jia and Rafal Jozefowicz and Lukasz Kaiser and Manjunath Kudlur and Josh Levenberg and Dan Mane and Rajat Monga and Sherry Moore and Derek Murray and Chris Olah and Mike Schuster and Jonathon Shlens and Benoit Steiner and Ilya Sutskever and Kunal Talwar and Paul Tucker and Vincent Vanhoucke and Vijay Vasudevan and Fernanda Viegas and Oriol Vinyals and Pete Warden and Martin Wattenberg and Martin Wicke and Yuan Yu and Xiaoqiang Zheng},
Title = {TensorFlow: Large-Scale Machine Learning on Heterogeneous Distributed Systems},
Year = {2016},
Eprint = {arXiv:1603.04467},
journal = {ArXiv e-prints}
}

@article{1201.0490,
Author = {Fabian Pedregosa and Gaël Varoquaux and Alexandre Gramfort and Vincent Michel and Bertrand Thirion and Olivier Grisel and Mathieu Blondel and Gilles Louppe and Peter Prettenhofer and Ron Weiss and Vincent Dubourg and Jake Vanderplas and Alexandre Passos and David Cournapeau and Matthieu Brucher and Matthieu Perrot and Édouard Duchesnay},
Title = {Scikit-learn: Machine Learning in Python},
Year = {2012},
Eprint = {arXiv:1201.0490},
  journal = {ArXiv e-prints},

Howpublished = {Journal of Machine Learning Research (2011)},
}

@article{1111.2566,
Author = {A. J. Drake and S. G. Djorgovski and A. Mahabal and J. L. Prieto and E. Beshore and M. J. Graham and M. Catalan and S. Larson and E. Christensen and C. Donalek and R. Williams},
Title = {The Catalina Real-time Transient Survey},
Year = {2011},
Eprint = {arXiv:1111.2566},
  journal = {ArXiv e-prints},

Doi = {10.1017/S1743921312000889},
}

@article{astro-ph/9712287,
Author = {C. Alard and R. H. Lupton},
Title = {A method for optimal image subtraction},
Year = {1997},
  journal = {ArXiv e-prints},
Eprint = {arXiv:astro-ph/9712287},
Howpublished = {Astrophys.J. 503 (1998) 325},
Doi = {10.1086/305984},
}

@article{1708.08947,
Author = {Fabian Gieseke and Steven Bloemen and Cas van den Bogaard and Tom Heskes and Jonas Kindler and Richard A. Scalzo and Valério A. R. M. Ribeiro and Jan van Roestel and Paul J. Groot and Fang Yuan and Anais Möller and Brad E. Tucker},
Title = {Convolutional Neural Networks for Transient Candidate Vetting in Large-Scale Surveys},
Year = {2017},
Eprint = {arXiv:1708.08947},
  journal = {ArXiv e-prints},
Howpublished = {Monthly Notices of the Royal Astronomical Society, 2017},
Doi = {10.1093/mnras/stx2161},
}

@article{1701.00458,
Author = {Guillermo Cabrera-Vives and Ignacio Reyes and Francisco Förster and Pablo A. Estévez and Juan-Carlos Maureira},
Title = {Deep-HiTS: Rotation Invariant Convolutional Neural Network for Transient Detection},
Year = {2017},
  journal = {ArXiv e-prints},

Eprint = {arXiv:1701.00458},
Howpublished = {The Astrophysical Journal, 2017},
Doi = {10.3847/1538-4357/836/1/97},
}

@misc{1601.06320,
Author = {Jakub Klencki and Łukasz Wyrzykowski and Zuzanna Kostrzewa-Rutkowska and Andrzej Udalski},
Title = {Robust Filtering of Artifacts in Difference Imaging for Rapid Transients Detection},
Year = {2016},
Eprint = {arXiv:1601.06320},
}

@misc{1601.06151,
Author = {Jakub Klencki and Łukasz Wyrzykowski},
Title = {Real-time detection of transients in OGLE-IV with application of machine learning},
Year = {2016},
Eprint = {arXiv:1601.06151},
journal = {ArXiv e-prints},
}

@article{1501.05470,
Author = {D. E. Wright and S. J. Smartt and K. W. Smith and P. Miller and R. Kotak and A. Rest and W. S. Burgett and K. C. Chambers and H. Flewelling and K. W. Hodapp and M. Huber and R. Jedicke and N. Kaiser and N. Metcalfe and P. A. Price and J. L. Tonry and R. J. Wainscoat and C. Waters},
Title = {Machine learning for transient discovery in Pan-STARRS1 difference imaging},
Year = {2015},
Eprint = {arXiv:1501.05470},
journal = {ArXiv e-prints},

Doi = {10.1093/mnras/stv292},
}

@article{1407.4118,
Author = {L. du Buisson and N. Sivanandam and B. A. Bassett and M. Smith},
Title = {Machine Learning Classification of SDSS Transient Survey Images},
Year = {2014},
Eprint = {arXiv:1407.4118},
  journal = {ArXiv e-prints},

published = {L. du Buisson; N. Sivanandam; Bruce A. Bassett; M. Smith; Monthly
  Notices of the Royal Astronomical Society, 2015, 454 (2): 2026-2038},
Doi = {10.1093/mnras/stv2041},
}

@article{d05,
author = {R. Downes and others},
journal = {Journal of Astronomical Data},
pages = {2},
title = {A catalog and atlas of cataclysmic variables: The ?nal edition},
volume = {11},
year = {2005},
}

@article{1601.03931,
Author = {Antonio D'Isanto and Stefano Cavuoti and Massimo Brescia and Ciro Donalek and Giuseppe Longo and Giuseppe Riccio and Stanislav G. Djorgovski},
Title = {An analysis of feature relevance in the classification of astronomical transients with machine learning methods},
Year = {2016},
Eprint = {arXiv:1601.03931},
journal = {ArXiv e-prints},
Howpublished = {MNRAS (April 11, 2016) 457 (3): 3119-3132},
Doi = {10.1093/mnras/stw157},
}

@article{1603.00882,
Author = {Michelle Lochner and Jason D. McEwen and Hiranya V. Peiris and Ofer Lahav and Max K. Winter},
Title = {Photometric Supernova Classification With Machine Learning},
Year = {2016},
Eprint = {arXiv:1603.00882},
Howpublished = {ApJS (2016), 225(2), p.31},
Doi = {10.3847/0067-0049/225/2/31},
journal = {ArXiv e-prints},
}

@misc{1710.06804,
Author = {Trisha Hinners and Kevin Tat and Rachel Thorp},
Title = {Machine Learning Techniques for Stellar Light Curve Classification},
Year = {2017},
Eprint = {arXiv:1710.06804},
journal = {ArXiv e-prints},
}

@article{1606.07442,
Author = {Tom Charnock and Adam Moss},
Title = {Deep Recurrent Neural Networks for Supernovae Classification},
Year = {2016},
Eprint = {arXiv:1606.07442},
Doi = {10.3847/2041-8213/aa603d},
  journal = {ArXiv e-prints},

}

@misc{0805.2366,
Author = {Z. Ivezic and J. A. Tyson and B. Abel and E. Acosta and R. Allsman and Y. AlSayyad and S. F. Anderson and J. Andrew and R. Angel and G. Angeli and R. Ansari and P. Antilogus and K. T. Arndt and P. Astier and E. Aubourg and T. Axelrod and D. J. Bard and J. D. Barr and A. Barrau and J. G. Bartlett and B. J. Bauman and S. Beaumont and A. C. Becker and J. Becla and C. Beldica and S. Bellavia and G. Blanc and R. D. Blandford and J. S. Bloom and J. Bogart and K. Borne and J. F. Bosch and D. Boutigny and W. N. Brandt and M. E. Brown and J. S. Bullock and P. Burchat and D. L. Burke and G. Cagnoli and D. Calabrese and S. Chandrasekharan and S. Chesley and E. C. Cheu and J. Chiang and C. F. Claver and A. J. Connolly and K. H. Cook and A. Cooray and K. R. Covey and C. Cribbs and W. Cui and R. Cutri and G. Daubard and G. Daues and F. Delgado and S. Digel and P. Doherty and R. Dubois and G. P. Dubois-Felsmann and J. Durech and M. Eracleous and H. Ferguson and J. Frank and M. Freemon and E. Gangler and E. Gawiser and J. C. Geary and P. Gee and M. Geha and R. R. Gibson and D. K. Gilmore and T. Glanzman and I. Goodenow and W. J. Gressler and P. Gris and A. Guyonnet and P. A. Hascall and J. Haupt and F. Hernandez and C. Hogan and D. Huang and M. E. Huffer and W. R. Innes and S. H. Jacoby and B. Jain and J. Jee and J. G. Jernigan and D. Jevremovic and K. Johns and R. L. Jones and C. Juramy-Gilles and M. Juric and S. M. Kahn and J. S. Kalirai and N. Kallivayalil and B. Kalmbach and J. P. Kantor and M. M. Kasliwal and R. Kessler and D. Kirkby and L. Knox and I. Kotov and V. L. Krabbendam and S. Krughoff and P. Kubanek and J. Kuczewski and S. Kulkarni and R. Lambert and L. Le Guillou and D. Levine and M. Liang and K-T. Lim and C. Lintott and R. H. Lupton and A. Mahabal and P. Marshall and S. Marshall and M. May and R. McKercher and M. Migliore and M. Miller and D. J. Mills and D. G. Monet and M. Moniez and D. R. Neill and J-Y. Nief and A. Nomerotski and M. Nordby and P. O'Connor and J. Oliver and S. S. Olivier and K. Olsen and S. Ortiz and R. E. Owen and R. Pain and J. R. Peterson and C. E. Petry and F. Pierfederici and S. Pietrowicz and R. Pike and P. A. Pinto and R. Plante and S. Plate and P. A. Price and M. Prouza and V. Radeka and J. Rajagopal and A. Rasmussen and N. Regnault and S. T. Ridgway and S. Ritz and W. Rosing and C. Roucelle and M. R. Rumore and S. Russo and A. Saha and B. Sassolas and T. L. Schalk and R. H. Schindler and D. P. Schneider and G. Schumacher and J. Sebag and G. H. Sembroski and L. G. Seppala and I. Shipsey and N. Silvestri and J. A. Smith and R. C. Smith and M. A. Strauss and C. W. Stubbs and D. Sweeney and A. Szalay and P. Takacs and J. J. Thaler and R. Van Berg and D. Vanden Berk and K. Vetter and F. Virieux and B. Xin and L. Walkowicz and C. W. Walter and D. L. Wang and M. Warner and B. Willman and D. Wittman and S. C. Wolff and W. M. Wood-Vasey and P. Yoachim and H. Zhan and for the LSST Collaboration},
Title = {LSST: from Science Drivers to Reference Design and Anticipated Data Products},
Year = {2008},
Eprint = {arXiv:0805.2366},
journal = {ArXiv e-prints},
}

@article{astro-ph/0006396,
Author = {D. G. York},
Title = {The Sloan Digital Sky Survey: Technical Summary},
Year = {2000},
Eprint = {arXiv:astro-ph/0006396},
Howpublished = {Astron.J.120:1579-1587,2000},
Doi = {10.1086/301513},
journal = {ArXiv e-prints},
}

@misc{1104.3142,
Author = {Joshua S. Bloom and Joseph W. Richards},
Title = "{Data Mining and Machine-Learning in Time-Domain Discovery \& Classification}",
Year = {2011},
Eprint = {arXiv:1104.3142},
journal = {ArXiv e-prints},
}

@ARTICLE{1996PASP..108..851S,
   author = {{Stetson}, P.~B.},
    title = "{On the Automatic Determination of Light-Curve Parameters for Cepheid Variables}",
  journal = {pasp},
 keywords = {CEPHEIDS, METHODS: NUMERICAL},
     year = 1996,
    month = oct,
   volume = 108,
    pages = {851},
      doi = {10.1086/133808},
   adsurl = {http://adsabs.harvard.edu/abs/1996PASP..108..851S},
  adsnote = {Provided by the SAO/NASA Astrophysics Data System}
}

@Misc{nasa_lc,
  author =   {NASA},
  title =    {Light Curves and What They Can Tell Us},
  howpublished = {\url{https://imagine.gsfc.nasa.gov/science/toolbox/timing1.html}},
  month =    aug,
  year =     2013
  }
  
@Misc{css,
  author =   {The University Of Arizona},
  title =    {Catalina Sky Survey:Telescopes},
  howpublished = {\url{https://catalina.lpl.arizona.edu/about/facilities/telescopes}}
  }

@book{9780521747684,
  Author = {Frederick R. Chromey},
  Title = {To Measure the Sky: An Introduction to Observational Astronomy},
  Publisher = {Cambridge University Press},
  Year = {2010},
  ISBN = {0521747686},
  URL = {https://www.amazon.com/Measure-Sky-Introduction-Observational-Astronomy/dp/0521747686?SubscriptionId=0JYN1NVW651KCA56C102&tag=techkie-20&linkCode=xm2&camp=2025&creative=165953&creativeASIN=0521747686}
}

@misc{0804.4350,
Author = {D. K. Nadyozhin},
Title = {Physics of Supernovae: theory, observations, unresolved problems},
Year = {2008},
Eprint = {arXiv:0804.4350},
journal = {ArXiv e-prints},
}

@misc{1301.4179,
Author = {Henric Krawczynski and Ezequiel Treister},
Title = {Active Galactic Nuclei - the Physics of Individual Sources and the Cosmic History of Formation and Evolution},
Year = {2013},
Eprint = {arXiv:1301.4179},
journal = {ArXiv e-prints},
}
@misc{1108.4716,
Author = {Christian Knigge},
Title = {The Evolution of Cataclysmic Variables},
Year = {2011},
Eprint = {arXiv:1108.4716},
journal = {ArXiv e-prints},
}
@misc{ted, author = {Isler, J.}, title = {How I fell in love with quasars, blazars and our incredible universe}, howpublished = "\url{https://www.ted.com/talks/jedidah_isler_how_i_fell_in_love_with_quasars_blazars_and_our_incredible_universe#t-242069}", year = {2015}, note = "Accessed 10/09/17", }

@Misc{aavso,
  author =   {American Association of Variable Star Observers},
  title =    {About Light Curves},
  howpublished = {\url{https://www.aavso.org/about-light-curves}},
  month =    may,
  year =     2010}


@Misc{CRTS_FAQ,
  author =   {Catalina Sky Survey},
  title =    {The Catalina Surveys Data Release 2: FAQ of the Data Release},
  howpublished = {\url{http://nesss i.cacr.caltech.edu/DataRelease/FAQ2.html}}
  }


@book{9780805304022,
  Author = {Bradley W. Carroll and Dale A. Ostlie},
  Title = {An Introduction to Modern Astrophysics (2nd Edition)},
  Publisher = {Pearson},
  Year = {2006},
  ISBN = {0805304029}
}

@article{1507.05137,
Author = {R. Kessler and J. Marriner and M. Childress and R. Covarrubias and C. B. D'Andrea and D. A. Finley and J. Fischer and R. J. Foley and D. Goldstein and R. R. Gupta and K. Kuehn and M. Marcha and R. C. Nichol and A. Papadopoulos and M. Sako and D. Scolnic and M. Smith and M. Sullivan and W. Wester and F. Yuan and T. Abbott and F. B. Abdalla and S. Allam and A. Benoit-Levy and G. M. Bernstein and E. Bertin and D. Brooks and A. Carnero Rosell and M. Carrasco Kind and F. J. Castander and M. Crocce and L. N. da Costa and S. Desai and H. T. Diehl and T. F. Eifler and A. Fausti Neto and B. Flaugher and J. Frieman and D. Gruen and R. A. Gruendl and K. Honscheid and D. J. James and N. Kuropatkin and T. S. Li and M. A. G. Maia and J. L. Marshall and P. Martini and C. J. Miller and R. Miquel and R. Ogando and A. A. Plazas and A. K. Romer and A. Roodman and E. Sanchez and I. Sevilla-Noarbe and R. C. Smith and M. Soares-Santos and F. Sobreira and G. Tarle and J. Thaler and R. C. Thomas and D. Tucker and A. R. Walker},
Title = {The Difference Imaging Pipeline for the Transient Search in the Dark Energy Survey},
Year = {2015},
Eprint = {arXiv:1507.05137},
journal = {ArXiv e-prints},
Doi = {10.1088/0004-6256/150/6/172},
}

@article{1608.01733,
Author = {Frank Masci and Russ Laher and Umaa Rebbapragada and Gary Doran and Adam Miller and Eric Bellm and Mansi Kasliwal and Eran Ofek and Jason Surace and David Shupe and Carl Grillmair and Ed Jackson and Tom Barlow and Lin Yan and Yi Cao and S. Bradley Cenko and Lisa Storrie-Lombardi and George Helou and Thomas Prince and Shrinivas Kulkarni},
Title = {The IPAC Image Subtraction and Discovery Pipeline for the intermediate Palomar Transient Factory},
Year = {2016},
Eprint = {arXiv:1608.01733},
journal = {ArXiv e-prints},
Doi = {10.1088/1538-3873/129/971/014002},
}

@article{1708.02850,
Author = {Hung-Yu Jian and Lihwai Lin and Kai-Yang Lin and Sebastien Foucaud and Chin-Wei Chen and Tzihong Chiueh and R. G. Bower and Shaun Cole and Wen-Ping Chen and W. S. Burgett and P. W. Draper and H. Flewelling and M. E. Huber and N. Kaiser and R. -P. Kudritzki and E. A. Magnier and N. Metcalfe and R. J. Wainscoat and C. Waters},
Title = {The Pan-STARRS1 Medium-deep Survey: Star Formation Quenching in Group and Cluster Environments},
Year = {2017},
Eprint = {arXiv:1708.02850},
journal = {ArXiv e-prints},
Doi = {10.3847/1538-4357/aa7de2},
}

@article{1411.0299,
Author = {S. J. Smartt and S. Valenti and M. Fraser and C. Inserra and D. R. Young and M. Sullivan and A. Pastorello and S. Benetti and A. Gal-Yam and C. Knapic and M. Molinaro and R. Smareglia and K. W. Smith and S. Taubenberger and O. Yaron and J. P. Anderson and C. Ashall and C. Balland and C. Baltay and C. Barbarino and F. E. Bauer and S. Baumont and D. Bersier and N. Blagorodnova and S. Bongard and M. T. Botticella and F. Bufano and M. Bulla and E. Cappellaro and H. Campbell and F. Cellier-Holzem and T. -W. Chen and M. J. Childress and A. Clocchiatti and C. Contreras and M. Dall Ora and J. Danziger and T. de Jaeger and A. De Cia and M. Della Valle and M. Dennefeld and N. Elias-Rosa and N. Elman and U. Feindt and M. Fleury and E. Gall and S. Gonzalez-Gaitan and L. Galbany and A. Morales Garoffolo and L. Greggio and L. L. Guillou and S. Hachinger and E. Hadjiyska and P. E. Hage and W. Hillebrandt and S. Hodgkin and E. Y. Hsiao and P. A. James and A. Jerkstrand and T. Kangas and E. Kankare and R. Kotak and M. Kromer and H. Kuncarayakti and G. Leloudas and P. Lundqvist and J. D. Lyman and I. M. Hook and K. Maguire and I. Manulis and S. J. Margheim and S. Mattila and J. R. Maund and P. A. Mazzali and M. McCrum and R. McKinnon and M. E. Moreno-Raya and M. Nicholl and P. Nugent and R. Pain and M. M. Phillips and G. Pignata and J. Polshaw and M. L. Pumo and D. Rabinowitz and E. Reilly and C. Romero-Canizales and R. Scalzo and B. Schmidt and S. Schulze and S. Sim and J. Sollerman and F. Taddia and L. Tartaglia and G. Terreran and L. Tomasella and M. Turatto and E. Walker and N. A. Walton and L. Wyrzykowski and F. Yuan and L. Zampieri},
Title = {PESSTO : survey description and products from the first data release by the Public ESO Spectroscopic Survey of Transient Objects},
Year = {2014},
Eprint = {arXiv:1411.0299},
journal = {ArXiv e-prints},
Howpublished = {A&A 579, A40 (2015)},
Doi = {10.1051/0004-6361/201425237},
}

@misc{1501.06007,
Author = {J. Surace and R. Laher and F. Masci and C. Grillmair and G. Helou},
Title = {The Palomar Transient Factory: High Quality Realtime Data Processing in a Cost-Constrained Environment},
Year = {2015},
journal = {ArXiv e-prints},
Eprint = {arXiv:1501.06007},
}

@article{1011.2199,
Author = {A. M. Smith and S. Lynn and M. Sullivan and C. J. Lintott and P. E. Nugent and J. Botyanszki and M. Kasliwal and R. Quimby and S. P. Bamford and L. F. Fortson and K. Schawinski and I. Hook and S. Blake and P. Podsiadlowski and J. Joensson and A. Gal-Yam and I. Arcavi and D. A. Howell and J. S. Bloom and J. Jacobsen and S. R. Kulkarni and N. M. Law and E. O. Ofek and R. Walters},
Title = {Galaxy Zoo Supernovae},
Year = {2010},
journal = {arxiv},
Howpublished = {2011 MNRAS 412 1309},
Doi = {10.1111/j.1365-2966.2010.17994.x},
}

@article{0708.2750,
Author = {Masao Sako and B. Bassett and A. Becker and D. Cinabro and F. DeJongh and D. L. Depoy and B. Dilday and M. Doi and J. A. Frieman and P. M. Garnavich and C. J. Hogan and J. Holtzman and S. Jha and R. Kessler and K. Konishi and H. Lampeitl and J. Marriner and G. Miknaitis and R. C. Nichol and J. L. Prieto and A. G. Riess and M. W. Richmond and R. Romani and D. P. Schneider and M. Smith and M. SubbaRao and N. Takanashi and K. Tokita and K. van der Heyden and N. Yasuda and C. Zheng and J. Barentine and H. Brewington and C. Choi and J. Dembicky and M. Harnavek and Y. Ihara and M. Im and W. Ketzeback and S. J. Kleinman and J. Krzesiński and D. C. Long and E. Malanushenko and V. Malanushenko and R. J. McMillan and T. Morokuma and A. Nitta and K. Pan and G. Saurage and S. A. Snedden},
Title = {The Sloan Digital Sky Survey-II Supernova Survey: Search Algorithm and Follow-up Observations},
Year = {2007},
journal = {arxiv},
Howpublished = {Astron.J.135:348-373,2008},
Doi = {10.1088/0004-6256/135/1/348},
}

@article{1203.5111,
Author = {S. G. Djorgovski and A. A. Mahabal and A. J. Drake and M. J. Graham and C. Donalek},
Title = {Sky Surveys},
Year = {2012},
Eprint = {arXiv:1203.5111},
Doi = {10.1007/978-94-007-5618-2_5},
}

@misc{1512.07914,
Author = {Mario Juri\'c and Jeffrey Kantor and K-T Lim and Robert H. Lupton and Gregory Dubois-Felsmann and Tim Jenness and Tim S. Axelrod and Jovan Aleksić and Roberta A. Allsman and Yusra AlSayyad and Jason Alt and Robert Armstrong and Jim Basney and Andrew C. Becker and Jacek Becla and Steven J. Bickerton and Rahul Biswas and James Bosch and Dominique Boutigny and Matias Carrasco Kind and David R. Ciardi and Andrew J. Connolly and Scott F. Daniel and Gregory E. Daues and Frossie Economou and Hsin-Fang Chiang and Angelo Fausti and Merlin Fisher-Levine and D. Michael Freemon and Perry Gee and Philippe Gris and Fabio Hernandez and Joshua Hoblitt and Željko Ivezić and Fabrice Jammes and Darko Jevremović and R. Lynne Jones and J. Bryce Kalmbach and Vishal P. Kasliwal and K. Simon Krughoff and Dustin Lang and John Lurie and Nate B. Lust and Fergal Mullally and Lauren A. MacArthur and Peter Melchior and Joachim Moeyens and David L. Nidever and Russell Owen and John K Parejko and J. Matt Peterson and Donald Petravick and Stephen R. Pietrowicz and Paul A. Price and David J. Reiss and Richard A. Shaw and Jonathan Sick and Colin T. Slater and Michael A. Strauss and Ian S. Sullivan and John D. Swinbank and Schuyler Van Dyk and Veljko Vujčić and Alexander Withers and Peter Yoachim and for the LSST Project},
Title = {The LSST Data Management System},
Year = {2015},
Eprint = {arXiv:1512.07914},
}